@article{aranda1981two,
  title={On two families of transformations to additivity for binary response data},
  author={Aranda-Ordaz, F.J.},
  journal={Biometrika},
  volume={68},
  pages={357--363},
  year={1981},
}